%% This BibTeX bibliography file was created using BibDesk.
%% https://bibdesk.sourceforge.io/

%% Created for Spencer Smith at 2024-01-08 16:54:29 -0500 


%% Saved with string encoding Unicode (UTF-8) 



@article{Crouse2014,
	author = {Crouse, David},
	date-added = {2024-01-08 16:54:18 -0500},
	date-modified = {2024-01-08 16:54:29 -0500},
	doi = {10.1109/MAES.2014.120229},
	journal = {IEEE Aerospace and Electronic Systems Magazine},
	number = {8},
	pages = {4-53},
	title = {Basic tracking using nonlinear 3D monostatic and bistatic measurements},
	volume = {29},
	year = {2014},
	bdsk-url-1 = {https://doi.org/10.1109/MAES.2014.120229}}

@book{hibbeler2004,
	author = {Hibbeler, R. C.},
	publisher = {Pearson Prentice Hall},
	title = {Engineering Mechanics: Dynamics},
	year = {2004}}

@misc{accelerationWiki,
	author = {Wikipedia Contributors},
	howpublished = {\url{https://en.wikipedia.org/wiki/Acceleration}},
	month = jun,
	title = {Acceleration},
	year = {2019}}

@misc{cartesianWiki,
	author = {Wikipedia Contributors},
	howpublished = {\url{https://en.wikipedia.org/wiki/Cartesian\_coordinate\_system}},
	month = jun,
	title = {Cartesian coordinate system},
	year = {2019}}

@misc{velocityWiki,
	author = {Wikipedia Contributors},
	howpublished = {\url{https://en.wikipedia.org/wiki/Velocity}},
	month = jun,
	title = {Velocity},
	year = {2019}}
