%% This BibTeX bibliography file was created using BibDesk.
%% http://bibdesk.sourceforge.net/


%% Created for Spencer Smith at 2015-04-23 10:33:50 -0400 


%% Saved with string encoding Unicode (UTF-8) 



@inproceedings{Parnas1978,
	Address = {Piscataway, NJ, USA},
	Author = {David L. Parnas},
	Booktitle = {ICSE '78: Proceedings of the 3rd international conference on Software engineering},
	Date-Added = {2015-04-23 14:33:48 +0000},
	Date-Modified = {2015-04-23 14:33:48 +0000},
	Isbn = {none},
	Location = {Atlanta, Georgia, United States},
	Pages = {264--277},
	Publisher = {IEEE Press},
	Title = {Designing Software for Ease of Extension and Contraction},
	Year = {1978}}

@article{WilsonEtAl2013,
	Author = {Greg Wilson and D.A. Aruliah and C. Titus Brown and Neil P. Chue Hong and Matt Davis and Richard T. Guy and Steven H.D. Haddock and Kathryn D. Huff and Ian M. Mitchell and Mark D. Plumblet and Ben Waugh and Ethan P. White and Paul Wilson},
	Bibsource = {DBLP, http://dblp.uni-trier.de},
	Date-Added = {2015-04-16 14:58:31 +0000},
	Date-Modified = {2015-04-16 14:58:31 +0000},
	Ee = {http://arxiv.org/abs/1210.0530},
	Journal = {CoRR},
	Title = {Best Practices for Scientific Computing},
	Volume = {abs/1210.0530},
	Year = {2013},
	Bdsk-File-1 = {YnBsaXN0MDDUAQIDBAUGJCVYJHZlcnNpb25YJG9iamVjdHNZJGFyY2hpdmVyVCR0b3ASAAGGoKgHCBMUFRYaIVUkbnVsbNMJCgsMDxJXTlMua2V5c1pOUy5vYmplY3RzViRjbGFzc6INDoACgAOiEBGABIAFgAdccmVsYXRpdmVQYXRoWWFsaWFzRGF0YV8QNC4uLy4uLy4uL1dvcmsvUmVzZWFyY2gvUmVmZXJlbmNlcy9XaWxzb25FdEFsMjAxMy5wZGbSFwsYGVdOUy5kYXRhTxEBtgAAAAABtgACAAAMTWFjaW50b3NoIEhEAAAAAAAAAAAAAAAAAAAAzpdzg0grAAAAFwIMEldpbHNvbkV0QWwyMDEzLnBkZgAAAAAAAAAAAAAAAAAAAAAAAAAAAAAAAAAAAAAAAAAAAAAAAAAAAAAAAAAAAALYZiPQPnKfAAAAAAAAAAAAAwAEAAAJIAAAAAAAAAAAAAAAAAAAAApSZWZlcmVuY2VzABAACAAAzperwwAAABEACAAA0D6q3wAAAAEAFAAXAgwAFwBNABb97QAI92YAAmSOAAIASk1hY2ludG9zaCBIRDpVc2VyczoAc21pdGhzOgBXb3JrOgBSZXNlYXJjaDoAUmVmZXJlbmNlczoAV2lsc29uRXRBbDIwMTMucGRmAA4AJgASAFcAaQBsAHMAbwBuAEUAdABBAGwAMgAwADEAMwAuAHAAZABmAA8AGgAMAE0AYQBjAGkAbgB0AG8AcwBoACAASABEABIAOFVzZXJzL3NtaXRocy9Xb3JrL1Jlc2VhcmNoL1JlZmVyZW5jZXMvV2lsc29uRXRBbDIwMTMucGRmABMAAS8AABUAAgAN//8AAIAG0hscHR5aJGNsYXNzbmFtZVgkY2xhc3Nlc11OU011dGFibGVEYXRhox0fIFZOU0RhdGFYTlNPYmplY3TSGxwiI1xOU0RpY3Rpb25hcnmiIiBfEA9OU0tleWVkQXJjaGl2ZXLRJidUcm9vdIABAAgAEQAaACMALQAyADcAQABGAE0AVQBgAGcAagBsAG4AcQBzAHUAdwCEAI4AxQDKANICjAKOApMCngKnArUCuQLAAskCzgLbAt4C8ALzAvgAAAAAAAACAQAAAAAAAAAoAAAAAAAAAAAAAAAAAAAC+g==}}

@article{Parnas1972a,
	Author = {David L. Parnas},
	Date-Added = {2015-04-16 14:58:14 +0000},
	Date-Modified = {2015-04-16 14:58:14 +0000},
	Journal = {Comm. ACM, vol. 15, no. 2, pp. 1053-1058},
	Month = {December},
	Title = {On the Criteria To Be Used in Decomposing Systems into Modules},
	Year = {1972},
	Bdsk-File-1 = {YnBsaXN0MDDUAQIDBAUGJCVYJHZlcnNpb25YJG9iamVjdHNZJGFyY2hpdmVyVCR0b3ASAAGGoKgHCBMUFRYaIVUkbnVsbNMJCgsMDxJXTlMua2V5c1pOUy5vYmplY3RzViRjbGFzc6INDoACgAOiEBGABIAFgAdccmVsYXRpdmVQYXRoWWFsaWFzRGF0YV8QMC4uLy4uLy4uL1dvcmsvUmVzZWFyY2gvUmVmZXJlbmNlcy9QYXJuYXMxOTcyLnBkZtIXCxgZV05TLmRhdGFPEQGmAAAAAAGmAAIAAAxNYWNpbnRvc2ggSEQAAAAAAAAAAAAAAAAAAADOl3ODSCsAAAAXAgwOUGFybmFzMTk3Mi5wZGYAAAAAAAAAAAAAAAAAAAAAAAAAAAAAAAAAAAAAAAAAAAAAAAAAAAAAAAAAAAAAAAAAA3+xs9CaVP4AAAAAAAAAAAADAAQAAAkgAAAAAAAAAAAAAAAAAAAAClJlZmVyZW5jZXMAEAAIAADOl6vDAAAAEQAIAADQmptOAAAAAQAUABcCDAAXAE0AFv3tAAj3ZgACZI4AAgBGTWFjaW50b3NoIEhEOlVzZXJzOgBzbWl0aHM6AFdvcms6AFJlc2VhcmNoOgBSZWZlcmVuY2VzOgBQYXJuYXMxOTcyLnBkZgAOAB4ADgBQAGEAcgBuAGEAcwAxADkANwAyAC4AcABkAGYADwAaAAwATQBhAGMAaQBuAHQAbwBzAGgAIABIAEQAEgA0VXNlcnMvc21pdGhzL1dvcmsvUmVzZWFyY2gvUmVmZXJlbmNlcy9QYXJuYXMxOTcyLnBkZgATAAEvAAAVAAIADf//AACABtIbHB0eWiRjbGFzc25hbWVYJGNsYXNzZXNdTlNNdXRhYmxlRGF0YaMdHyBWTlNEYXRhWE5TT2JqZWN00hscIiNcTlNEaWN0aW9uYXJ5oiIgXxAPTlNLZXllZEFyY2hpdmVy0SYnVHJvb3SAAQAIABEAGgAjAC0AMgA3AEAARgBNAFUAYABnAGoAbABuAHEAcwB1AHcAhACOAMEAxgDOAngCegJ/AooCkwKhAqUCrAK1AroCxwLKAtwC3wLkAAAAAAAAAgEAAAAAAAAAKAAAAAAAAAAAAAAAAAAAAuY=}}

@inproceedings{ParnasEtAl1984,
	Address = {Piscataway, NJ, USA},
	Author = {D. L. Parnas and P. C. Clements and D. M. Weiss},
	Booktitle = {ICSE '84: Proceedings of the 7th international conference on Software engineering},
	Date-Added = {2015-04-16 14:54:02 +0000},
	Date-Modified = {2015-04-16 15:01:09 +0000},
	Isbn = {0-8186-0528-6},
	Location = {Orlando, Florida, United States},
	Pages = {408--417},
	Publisher = {IEEE Press},
	Title = {The Modular Structure of Complex Systems},
	Year = {1984}}

@article{ParnasAndClements1986,
	Author = {David L. Parnas and P.C. Clements},
	Date-Added = {2015-03-26 16:00:55 +0000},
	Date-Modified = {2015-03-26 16:00:55 +0000},
	Journal = {IEEE Transactions on Software Engineering},
	Number = {2},
	Pages = {251--257},
	Title = {A Rational Design Process: How and Why to Fake it},
	Volume = {12},
	Year = {1986}}

@inproceedings{SmithAndLai2005,
	Address = {Paris, France},
	Author = {W. Spencer Smith and Lei Lai},
	Booktitle = {Proceedings of the First International Workshop on Situational Requirements Engineering Processes -- Methods, Techniques and Tools to Support Situation-Specific Requirements Engineering Processes, SREP'05},
	Date-Added = {2014-10-03 23:54:42 +0000},
	Date-Modified = {2014-10-03 23:54:42 +0000},
	Editor = {J. Ralyt\'{e} and P. \.{A}gerfalk and N. Kraiem},
	Local-Url = {file://localhost/Users/smiths/Work/Research/Papers/SREP05/SREP05_ReformatAndRevise/SmithAndLai_2005.pdf},
	Organization = {In conjunction with 13th IEEE International Requirements Engineering Conference},
	Pages = {107--121},
	Title = {A New Requirements Template for Scientific Computing},
	Year = {2005},
	Bdsk-File-1 = {YnBsaXN0MDDUAQIDBAUGJCVYJHZlcnNpb25YJG9iamVjdHNZJGFyY2hpdmVyVCR0b3ASAAGGoKgHCBMUFRYaIVUkbnVsbNMJCgsMDxJXTlMua2V5c1pOUy5vYmplY3RzViRjbGFzc6INDoACgAOiEBGABIAFgAdccmVsYXRpdmVQYXRoWWFsaWFzRGF0YV8QLC4uL1JlZmVyZW5jZXNPZkludGVyZXN0L1NtaXRoQW5kTGFpXzIwMDUucGRm0hcLGBlXTlMuZGF0YU8RAdQAAAAAAdQAAgAADE1hY2ludG9zaCBIRAAAAAAAAAAAAAAAAAAAAM6Xc4NIKwAABLHl1xRTbWl0aEFuZExhaV8yMDA1LnBkZgAAAAAAAAAAAAAAAAAAAAAAAAAAAAAAAAAAAAAAAAAAAAAAAAAAAAAAAAAEseYO0Ra5NwAAAAAAAAAAAAEAAgAACSAAAAAAAAAAAAAAAAAAAAAUUmVmZXJlbmNlc09mSW50ZXJlc3QAEAAIAADOl6vDAAAAEQAIAADRFv+HAAAAAQAUBLHl1wSx5X0AEhWnAAj3ZgACZI4AAgBSTWFjaW50b3NoIEhEOlVzZXJzOgBzbWl0aHM6AFJlcG9zOgBwY206AFJlZmVyZW5jZXNPZkludGVyZXN0OgBTbWl0aEFuZExhaV8yMDA1LnBkZgAOACoAFABTAG0AaQB0AGgAQQBuAGQATABhAGkAXwAyADAAMAA1AC4AcABkAGYADwAaAAwATQBhAGMAaQBuAHQAbwBzAGgAIABIAEQAEgBAVXNlcnMvc21pdGhzL1JlcG9zL3BjbS9SZWZlcmVuY2VzT2ZJbnRlcmVzdC9TbWl0aEFuZExhaV8yMDA1LnBkZgATAAEvAAAVAAIADf//AACABtIbHB0eWiRjbGFzc25hbWVYJGNsYXNzZXNdTlNNdXRhYmxlRGF0YaMdHyBWTlNEYXRhWE5TT2JqZWN00hscIiNcTlNEaWN0aW9uYXJ5oiIgXxAPTlNLZXllZEFyY2hpdmVy0SYnVHJvb3SAAQAIABEAGgAjAC0AMgA3AEAARgBNAFUAYABnAGoAbABuAHEAcwB1AHcAhACOAL0AwgDKAqICpAKpArQCvQLLAs8C1gLfAuQC8QL0AwYDCQMOAAAAAAAAAgEAAAAAAAAAKAAAAAAAAAAAAAAAAAAAAxA=},
	Bdsk-File-2 = {YnBsaXN0MDDUAQIDBAUGJCVYJHZlcnNpb25YJG9iamVjdHNZJGFyY2hpdmVyVCR0b3ASAAGGoKgHCBMUFRYaIVUkbnVsbNMJCgsMDxJXTlMua2V5c1pOUy5vYmplY3RzViRjbGFzc6INDoACgAOiEBGABIAFgAdccmVsYXRpdmVQYXRoWWFsaWFzRGF0YV8QUi4uLy4uLy4uL1dvcmsvUmVzZWFyY2gvUGFwZXJzL1NSRVAwNS9TUkVQMDVfUmVmb3JtYXRBbmRSZXZpc2UvU21pdGhBbmRMYWlfMjAwNS5wZGbSFwsYGVdOUy5kYXRhTxECDgAAAAACDgACAAAMTWFjaW50b3NoIEhEAAAAAAAAAAAAAAAAAAAAzpdzg0grAAAAF0DvFFNtaXRoQW5kTGFpXzIwMDUucGRmAAAAAAAAAAAAAAAAAAAAAAAAAAAAAAAAAAAAAAAAAAAAAAAAAAAAAAAAAAAXntPPIuJUAAAAAAAAAAAAAwAGAAAJIAAAAAAAAAAAAAAAAAAAABhTUkVQMDVfUmVmb3JtYXRBbmRSZXZpc2UAEAAIAADOl6vDAAAAEQAIAADPIyikAAAAAQAcABdA7wAXC3oAFwILABcATQAW/e0ACPdmAAJkjgACAGpNYWNpbnRvc2ggSEQ6VXNlcnM6AHNtaXRoczoAV29yazoAUmVzZWFyY2g6AFBhcGVyczoAU1JFUDA1OgBTUkVQMDVfUmVmb3JtYXRBbmRSZXZpc2U6AFNtaXRoQW5kTGFpXzIwMDUucGRmAA4AKgAUAFMAbQBpAHQAaABBAG4AZABMAGEAaQBfADIAMAAwADUALgBwAGQAZgAPABoADABNAGEAYwBpAG4AdABvAHMAaAAgAEgARAASAFZVc2Vycy9zbWl0aHMvV29yay9SZXNlYXJjaC9QYXBlcnMvU1JFUDA1L1NSRVAwNV9SZWZvcm1hdEFuZFJldmlzZS9TbWl0aEFuZExhaV8yMDA1LnBkZgATAAEvAAAVAAIADf//AACABtIbHB0eWiRjbGFzc25hbWVYJGNsYXNzZXNdTlNNdXRhYmxlRGF0YaMdHyBWTlNEYXRhWE5TT2JqZWN00hscIiNcTlNEaWN0aW9uYXJ5oiIgXxAPTlNLZXllZEFyY2hpdmVy0SYnVHJvb3SAAQAIABEAGgAjAC0AMgA3AEAARgBNAFUAYABnAGoAbABuAHEAcwB1AHcAhACOAOMA6ADwAwIDBAMJAxQDHQMrAy8DNgM/A0QDUQNUA2YDaQNuAAAAAAAAAgEAAAAAAAAAKAAAAAAAAAAAAAAAAAAAA3A=}}

@mastersthesis{Koothoor2013,
	Address = {Hamilton, Ontario, Canada},
	Author = {Nirmitha Koothoor},
	School = {McMaster University},
	Title = {A Document Drive Approach to Certifying Scientific Computing Software},
	Url = {http://hdl.handle.net/11375/13266},
	Year = {2013},
	Bdsk-Url-1 = {http://hdl.handle.net/11375/13266}}

@misc{Lightstone2012,
	Address = {Hamilton, Ontario, Canada},
	Author = {Marilyn Lightstone},
	Howpublished = {Personal Notes},
	School = {McMaster University},
	Title = {Derivation of Tank/PCM Model},
	Year = {2012}}

@book{Bueche1986,
	Address = {United States},
	Author = {J. Frederick Bueche},
	Edition = {Fourth Edition},
	Publisher = {McGraw Hill},
	Title = {Introduction to Physics for Scientists},
	Year = {1986}}

@techreport{C99ISO,
	Author = {ISO},
	Institution = {International Organization of Standards},
	Month = {December},
	Title = {ISO/IEC 9899:1999 - Programming Languages -- C},
	Year = {1999}}
